%IEEE
@ARTICLE{6567922,
author={N. L. Beebe and L. A. Maddox and L. Liu and M. Sun},
journal={IEEE Transactions on Information Forensics and Security},
title={Sceadan: Using Concatenated N-Gram Vectors for Improved File and Data Type Classification},
year={2013},
volume={8},
number={9},
pages={1519-1530},
keywords={computational complexity;data analysis;digital forensics;file organisation;pattern classification;public domain software;software tools;support vector machines;advanced data analysis;Sceadan-systematic classification engine;open source software tool;winning approach;linear kernel SVM;concatenated bigram;concatenated unigram;complexity;byte frequency-based measure;support vector machine;information security application;digital forensics;file type classification;data type classification;concatenated N-gram vector;Kernel;Support vector machine classification;Complexity theory;Classification algorithms;Frequency measurement;Training;Data type classification;digital forensics;file type classification;n-gram;support vector machine},
doi={10.1109/TIFS.2013.2274728},
ISSN={1556-6013},
month={Sep.},}

@BOOK{7809443,
author={Vassil Roussev and Elisa Bertino and Ravi Sandhu},
booktitle={Digital Forensic Science: Issues, Methods, and Challenges},
title={Digital Forensic Science: Issues, Methods, and Challenges},
year={2016},
volume={},
number={},
pages={},
keywords={digital forensics;cyber forensics;cyber crime;incident response;data recovery},
doi={},
ISSN={},
publisher={Morgan & Claypool},
isbn={9781627054652},
url={https://ieeexplore.ieee.org/document/7809443},}

%ACM
@inproceedings{Ariffin:2013:DCF:2525483.2525488,
 author = {Ariffin, Aswami and Choo, Kim-Kwang Raymond and Slay, Jill},
 title = {Digital Camcorder Forensics},
 booktitle = {Proceedings of the Eleventh Australasian Information Security Conference - Volume 138},
 series = {AISC '13},
 year = {2013},
 isbn = {978-1-921770-23-4},
 location = {Adelaide, Australia},
 pages = {39--47},
 numpages = {9},
 url = {http://dl.acm.org/citation.cfm?id=2525483.2525488},
 acmid = {2525488},
 publisher = {Australian Computer Society, Inc.},
 address = {Darlinghurst, Australia, Australia},
 keywords = {data carving, digital camcorder forensics, file signature, format, timestamp, unfinalised digital versatile disc, video stream},
}

@inproceedings{Alamri:2014:TFI:2638404.2638524,
 author = {Alamri, Nasser S. and Allen, William H.},
 title = {A Taxonomy of File-type Identification Techniques},
 booktitle = {Proceedings of the 2014 ACM Southeast Regional Conference},
 series = {ACM SE '14},
 year = {2014},
 isbn = {978-1-4503-2923-1},
 location = {Kennesaw, Georgia},
 pages = {49:1--49:4},
 articleno = {49},
 numpages = {4},
 url = {http://doi.acm.org/10.1145/2638404.2638524},
 doi = {10.1145/2638404.2638524},
 acmid = {2638524},
 publisher = {ACM},
 address = {New York, NY, USA},
 keywords = {computer forensics, file systems, taxonomies},
}

%Scopus

@ARTICLE{Ali20185841,
author={Ali, R.R. and Mohamad, K.M. and Jamel, S. and Khalid, S.K.A.},
title={A review of digital forensics methods for JPEG file carving},
journal={Journal of Theoretical and Applied Information Technology},
year={2018},
volume={96},
number={17},
pages={5841-5856},
note={cited By 0},
url={https://www.scopus.com/inward/record.uri?eid=2-s2.0-85053385456&partnerID=40&md5=d19ba5c87cec22cec8cca03228055b59},
document_type={Article},
source={Scopus},
}

@ARTICLE{Alherbawi201812805,
author={Alherbawi, N. and Shukur, Z. and Sulaiman, R.},
title={JPEG image classification in digital forensic via DCT coefficient analysis},
journal={Multimedia Tools and Applications},
year={2018},
volume={77},
number={10},
pages={12805-12835},
doi={10.1007/s11042-017-4915-3},
note={cited By 0},
url={https://www.scopus.com/inward/record.uri?eid=2-s2.0-85021785305&doi=10.1007%2fs11042-017-4915-3&partnerID=40&md5=3cecfc9bd80d6789e240ad72ca2dd907},
document_type={Article},
source={Scopus},
}

@CONFERENCE{Alshammari201872,
author={Alshammari, E. and Al-Naymat, G. and Hadi, A.},
title={A New Technique for File Carving on Hadoop Ecosystem},
journal={Proceedings - 2017 International Conference on New Trends in Computing Sciences, ICTCS 2017},
year={2018},
volume={2018-January},
pages={72-77},
doi={10.1109/ICTCS.2017.16},
note={cited By 0},
url={https://www.scopus.com/inward/record.uri?eid=2-s2.0-85050217892&doi=10.1109%2fICTCS.2017.16&partnerID=40&md5=be399e91500484e3741047ea32449745},
document_type={Conference Paper},
source={Scopus},
}

@ARTICLE{Povar2015119,
author={Povar, D. and Saibharath and Geethakumari, G.},
title={Real-time digital forensic triaging for cloud data analysis using MapReduce on Hadoop framework},
journal={International Journal of Electronic Security and Digital Forensics},
year={2015},
volume={7},
number={2},
pages={119-133},
doi={10.1504/IJESDF.2015.069602},
note={cited By 0},
url={https://www.scopus.com/inward/record.uri?eid=2-s2.0-84930424793&doi=10.1504%2fIJESDF.2015.069602&partnerID=40&md5=5046a2acaa4d4fdb3803e5c39db34621},
document_type={Article},
source={Scopus},
}

@BOOK{Menzies2014447,
author={Menzies, T.},
title={Occam's razor and simple software project management},
journal={Software Project Management in a Changing World},
year={2014},
volume={9783642550355},
pages={447-472},
doi={10.1007/978-3-642-55035-5_18},
note={cited By 4},
url={https://www.scopus.com/inward/record.uri?eid=2-s2.0-84930697026&doi=10.1007%2f978-3-642-55035-5_18&partnerID=40&md5=dbbdd2a7e4e35815ac4e2b648915c563},
document_type={Book Chapter},
source={Scopus},
}

@ARTICLE{Poisel201467,
author={Poisel, R. and Rybnicek, M. and Tjoa, S.},
title={Taxonomy of data fragment classification techniques},
journal={Lecture Notes of the Institute for Computer Sciences, Social-Informatics and Telecommunications Engineering, LNICST},
year={2014},
volume={132},
pages={67-85},
doi={10.1007/978-3-319-14289-0_6},
note={cited By 2},
url={https://www.scopus.com/inward/record.uri?eid=2-s2.0-84943329212&doi=10.1007%2f978-3-319-14289-0_6&partnerID=40&md5=b571c20e8acf51e0a55e24409dae3c38},
document_type={Conference Paper},
source={Scopus},
}

@CONFERENCE{Alamri2014,
author={Alamri, N.S. and Allen, W.H.},
title={A taxonomy of file-type identification techniques},
journal={Proceedings of the 2014 ACM Southeast Regional Conference, ACM SE 2014},
year={2014},
doi={10.1145/2638404.2638524},
art_number={2638524},
note={cited By 1},
url={https://www.scopus.com/inward/record.uri?eid=2-s2.0-84940702802&doi=10.1145%2f2638404.2638524&partnerID=40&md5=4549d5ef96ee54b17c9b78d0482a0607},
document_type={Conference Paper},
source={Scopus},
}

@CONFERENCE{Ariffin201339,
author={Ariffin, A. and Choo, K.-K.R. and Slay, J.},
title={Digital camcorder forensics},
journal={Conferences in Research and Practice in Information Technology Series},
year={2013},
volume={138},
pages={39-48},
note={cited By 6},
url={https://www.scopus.com/inward/record.uri?eid=2-s2.0-84907001847&partnerID=40&md5=5b0a1311e0e42b2ea2c7f42236541ae0},
document_type={Conference Paper},
source={Scopus},
}


%Springer
@inproceedings{sportiello2012context,
  title={Context-based file block classification},
  author={Sportiello, Luigi and Zanero, Stefano},
  booktitle={IFIP International Conference on Digital Forensics},
  pages={67--82},
  year={2012},
  organization={Springer}
}


%%%%%%%%%%%%%%%
% neural networks

%IEEE
@INPROCEEDINGS{4624000,
author={D. Ryu and M. Kim and Y. Kim},
booktitle={2008 Fourth International Conference on Networked Computing and Advanced Information Management},
title={An Automatic Identification of a Damaged Malicious File Using HMM against Anti-Forensics},
year={2008},
volume={1},
number={},
pages={177-184},
keywords={hidden Markov models;Internet;security of data;damaged malicious file;HMM;anti-forensics;Internet;personal information;forensics investigation;hidden Markov model;automatic file identification;Hidden Markov models;Estimation;Data models;Computers;Assembly;Linux;Malignancy;Anti-Forensics;Forensics;Damaged Malicious File;File Recovery;Identification File Type},
doi={10.1109/NCM.2008.255},
ISSN={},
month={Sep.},}

%scopus

@ARTICLE{Ali20185841,
author={Ali, R.R. and Mohamad, K.M. and Jamel, S. and Khalid, S.K.A.},
title={A review of digital forensics methods for JPEG file carving},
journal={Journal of Theoretical and Applied Information Technology},
year={2018},
volume={96},
number={17},
pages={5841-5856},
note={cited By 0},
url={https://www.scopus.com/inward/record.uri?eid=2-s2.0-85053385456&partnerID=40&md5=d19ba5c87cec22cec8cca03228055b59},
document_type={Article},
source={Scopus},
}

@ARTICLE{AlFahdi201665,
author={Al Fahdi, M. and Clarke, N.L. and Li, F. and Furnell, S.M.},
title={A suspect-oriented intelligent and automated computer forensic analysis},
journal={Digital Investigation},
year={2016},
volume={18},
pages={65-76},
doi={10.1016/j.diin.2016.08.001},
note={cited By 10},
url={https://www.scopus.com/inward/record.uri?eid=2-s2.0-84983479296&doi=10.1016%2fj.diin.2016.08.001&partnerID=40&md5=d1983b9ce73388d6d449edcbe2fc251c},
document_type={Article},
source={Scopus},
}

@CONFERENCE{Ryu2008177,
author={Ryu, D. and Kim, M. and Kim, Y.-M.},
title={An automatic identification of a damaged malicious file using HMM against anti-forensics},
journal={Proceedings - 4th International Conference on Networked Computing and Advanced Information Management, NCM 2008},
year={2008},
volume={1},
pages={177-184},
doi={10.1109/NCM.2008.225},
art_number={4624000},
note={cited By 0},
url={https://www.scopus.com/inward/record.uri?eid=2-s2.0-57849167545&doi=10.1109%2fNCM.2008.225&partnerID=40&md5=f86619edda468bf8b0c05c9e075846de},
document_type={Conference Paper},
source={Scopus},
}

% springer

@article{raghavan2013digital,
  title={Digital forensic research: current state of the art},
  author={Raghavan, Sriram},
  journal={CSI Transactions on ICT},
  volume={1},
  number={1},
  pages={91--114},
  year={2013},
  publisher={Springer}
}

@inproceedings{beebe2009digital,
  title={Digital forensic research: The good, the bad and the unaddressed},
  author={Beebe, Nicole},
  booktitle={IFIP International Conference on Digital Forensics},
  pages={17--36},
  year={2009},
  organization={Springer}
}

% other

@article{hiester2018file,
  title={File Fragment Classification Using Neural Networks with Lossless Representations},
  author={Hiester, Luke},
  year={2018},
  publisher={East Tennessee State University}
}

@inproceedings{ahmed2011fast,
  title={Fast content-based file type identification},
  author={Ahmed, Irfan and Lhee, Kyung-Suk and Shin, Hyun-Jung and Hong, Man-Pyo},
  booktitle={IFIP International Conference on Digital Forensics},
  pages={65--75},
  year={2011},
  organization={Springer}
}

@article{amirani2013feature,
  title={Feature-based Type Identification of File Fragments},
  author={Amirani, Mehdi Chehel and Toorani, Mohsen and Mihandoost, Sara},
  journal={Security and Communication Networks},
  volume={6},
  number={1},
  pages={115--128},
  year={2013},
  publisher={Wiley Online Library}
}

@article{fitzgerald2012using,
  title={Using NLP techniques for file fragment classification},
  author={Fitzgerald, Simran and Mathews, George and Morris, Colin and Zhulyn, Oles},
  journal={Digital Investigation},
  volume={9},
  pages={S44--S49},
  year={2012},
  publisher={Elsevier}
}

@inproceedings{gopal2011statistical,
  title={Statistical learning for file-type identification},
  author={Gopal, Siddharth and Yang, Yiming and Salomatin, Konstantin and Carbonell, Jaime},
  booktitle={Machine Learning and Applications and Workshops (ICMLA), 2011 10th International Conference on},
  volume={1},
  pages={68--73},
  year={2011},
  organization={IEEE}
}

@article{ahmed2010content,
  title={Content-based file-type identification using cosine similarity and a divide-and-conquer approach},
  author={Ahmed, Irfan and Lhee, Kyung-suk and Shin, Hyunjung and Hong, ManPyo},
  journal={IETE Technical Review},
  volume={27},
  number={6},
  pages={465--477},
  year={2010},
  publisher={Taylor \& Francis}
}

@inproceedings{amirani2008new,
  title={A new approach to content-based file type detection},
  author={Amirani, Mehdi Chehel and Toorani, Mohsen and Beheshti, Asghar},
  booktitle={2008 IEEE Symposium on Computers and Communications},
  pages={1103--1108},
  year={2008},
  organization={IEEE}
}

@article{penrose2013approaches,
  title={Approaches to the classification of high entropy file fragments},
  author={Penrose, Philip and Macfarlane, Richard and Buchanan, William J},
  journal={Digital Investigation},
  volume={10},
  number={4},
  pages={372--384},
  year={2013},
  publisher={Elsevier}
}

@inproceedings{xu2009reassembling,
  title={Reassembling the fragmented JPEG images based on sequential pixel prediction},
  author={Xu, Ming and Dong, Shule},
  booktitle={Computer Network and Multimedia Technology, 2009. CNMT 2009. International Symposium on},
  pages={1--6},
  year={2009},
  organization={IEEE}
}