
@article{beebe_sceadan:_2013,
	title = {Sceadan: {Using} {Concatenated} {N}-{Gram} {Vectors} for {Improved} {File} and {Data} {Type} {Classification}},
	volume = {8},
	issn = {1556-6013},
	doi = {10.1109/TIFS.2013.2274728},
	number = {9},
	journal = {IEEE Transactions on Information Forensics and Security},
	author = {Beebe, N. L. and Maddox, L. A. and Liu, L. and Sun, M.},
	month = sep,
	year = {2013},
	keywords = {digital forensics, n-gram, SVM, BFD, entropy, compressibility, statistical analysis, advanced data analysis, byte frequency-based measure, Classification algorithms, complexity, Complexity theory, computational complexity, concatenated bigram, concatenated N-gram vector, concatenated unigram, data analysis, data type classification, Data type classification, file organisation, file type classification, Frequency measurement, information security application, Kernel, linear kernel SVM, open source software tool, pattern classification, public domain software, Sceadan-systematic classification engine, software tools, support vector machine, Support vector machine classification, support vector machines, Training, winning approach},
	pages = {1519--1530}
}

@book{roussev_digital_2016,
	title = {Digital {Forensic} {Science}: {Issues}, {Methods}, and {Challenges}},
	isbn = {978-1-62705-465-2},
	url = {https://ieeexplore.ieee.org/document/7809443},
	publisher = {Morgan \& Claypool},
	author = {Roussev, Vassil and Bertino, Elisa and Sandhu, Ravi},
	year = {2016},
	keywords = {cyber crime, cyber forensics, data recovery, digital forensics, incident response}
}

@article{ali_review_2018,
	title = {A review of digital forensics methods for {JPEG} file carving},
	volume = {96},
	url = {https://www.scopus.com/inward/record.uri?eid=2-s2.0-85053385456&partnerID=40&md5=d19ba5c87cec22cec8cca03228055b59},
	number = {17},
	journal = {Journal of Theoretical and Applied Information Technology},
	author = {Ali, R.R. and Mohamad, K.M. and Jamel, S. and Khalid, S.K.A.},
	year = {2018},
	pages = {5841--5856},
	file = {Ali et al. - 2018 - A review of digital forensics methods for JPEG fil.pdf:/home/user/MEGA/mestrado/zotero/storage/MFJP7IDE/Ali et al. - 2018 - A review of digital forensics methods for JPEG fil.pdf:application/pdf;Full Text:/home/user/MEGA/mestrado/zotero/storage/RZXWZYD3/ALI et al. - 2018 - A REVIEW OF DIGITAL FORENSICS METHODS FOR JPEG FIL.pdf:application/pdf}
}

@article{alherbawi_jpeg_2018,
	title = {{JPEG} image classification in digital forensic via {DCT} coefficient analysis},
	volume = {77},
	url = {https://www.scopus.com/inward/record.uri?eid=2-s2.0-85021785305&doi=10.1007%2fs11042-017-4915-3&partnerID=40&md5=3cecfc9bd80d6789e240ad72ca2dd907},
	doi = {10.1007/s11042-017-4915-3},
	number = {10},
	journal = {Multimedia Tools and Applications},
	author = {Alherbawi, N. and Shukur, Z. and Sulaiman, R.},
	year = {2018},
	pages = {12805--12835}
}

@inproceedings{alshammari_new_2018,
	title = {A {New} {Technique} for {File} {Carving} on {Hadoop} {Ecosystem}},
	volume = {2018-January},
	url = {https://www.scopus.com/inward/record.uri?eid=2-s2.0-85050217892&doi=10.1109%2fICTCS.2017.16&partnerID=40&md5=be399e91500484e3741047ea32449745},
	doi = {10.1109/ICTCS.2017.16},
	booktitle = {Proceedings - 2017 {International} {Conference} on {New} {Trends} in {Computing} {Sciences}, {ICTCS} 2017},
	author = {Alshammari, E. and Al-Naymat, G. and Hadi, A.},
	year = {2018},
	pages = {72--77}
}

@article{povar_real-time_2015,
	title = {Real-time digital forensic triaging for cloud data analysis using {MapReduce} on {Hadoop} framework},
	volume = {7},
	url = {https://www.scopus.com/inward/record.uri?eid=2-s2.0-84930424793&doi=10.1504%2fIJESDF.2015.069602&partnerID=40&md5=5046a2acaa4d4fdb3803e5c39db34621},
	doi = {10.1504/IJESDF.2015.069602},
	number = {2},
	journal = {International Journal of Electronic Security and Digital Forensics},
	author = {Povar, D. and {Saibharath} and Geethakumari, G.},
	year = {2015},
	pages = {119--133}
}

@book{menzies_occams_2014,
	title = {Occam's razor and simple software project management},
	volume = {9783642550355},
	url = {https://www.scopus.com/inward/record.uri?eid=2-s2.0-84930697026&doi=10.1007%2f978-3-642-55035-5_18&partnerID=40&md5=dbbdd2a7e4e35815ac4e2b648915c563},
	author = {Menzies, T.},
	year = {2014},
	doi = {10.1007/978-3-642-55035-5_18}
}

@article{poisel_taxonomy_2014,
	title = {Taxonomy of data fragment classification techniques},
	volume = {132},
	url = {https://www.scopus.com/inward/record.uri?eid=2-s2.0-84943329212&doi=10.1007%2f978-3-319-14289-0_6&partnerID=40&md5=b571c20e8acf51e0a55e24409dae3c38},
	doi = {10.1007/978-3-319-14289-0_6},
	journal = {Lecture Notes of the Institute for Computer Sciences, Social-Informatics and Telecommunications Engineering, LNICST},
	author = {Poisel, R. and Rybnicek, M. and Tjoa, S.},
	year = {2014},
	pages = {67--85}
}

@inproceedings{alamri_taxonomy_2014,
	title = {A taxonomy of file-type identification techniques},
	url = {https://www.scopus.com/inward/record.uri?eid=2-s2.0-84940702802&doi=10.1145%2f2638404.2638524&partnerID=40&md5=4549d5ef96ee54b17c9b78d0482a0607},
	doi = {10.1145/2638404.2638524},
	booktitle = {Proceedings of the 2014 {ACM} {Southeast} {Regional} {Conference}, {ACM} {SE} 2014},
	author = {Alamri, N.S. and Allen, W.H.},
	year = {2014},
	keywords = {computer forensics, file systems, taxonomies},
	file = {A Taxonomy of File-Type Identification Techniques.pdf:/home/user/MEGA/mestrado/PEP/library/literature_repository/search3/A Taxonomy of File-Type Identification Techniques.pdf:application/pdf}
}

@inproceedings{ariffin_digital_2013,
	title = {Digital camcorder forensics},
	volume = {138},
	url = {https://www.scopus.com/inward/record.uri?eid=2-s2.0-84907001847&partnerID=40&md5=5b0a1311e0e42b2ea2c7f42236541ae0},
	booktitle = {Conferences in {Research} and {Practice} in {Information} {Technology} {Series}},
	author = {Ariffin, A. and Choo, K.-K.R. and Slay, J.},
	year = {2013},
	keywords = {data carving, digital camcorder forensics, file signature, format, timestamp, unfinalised digital versatile disc, video stream},
	pages = {39--48}
}

@article{al_fahdi_suspect-oriented_2016,
	title = {A suspect-oriented intelligent and automated computer forensic analysis},
	volume = {18},
	url = {https://www.scopus.com/inward/record.uri?eid=2-s2.0-84983479296&doi=10.1016%2fj.diin.2016.08.001&partnerID=40&md5=d1983b9ce73388d6d449edcbe2fc251c},
	doi = {10.1016/j.diin.2016.08.001},
	journal = {Digital Investigation},
	author = {Al Fahdi, M. and Clarke, N.L. and Li, F. and Furnell, S.M.},
	year = {2016},
	pages = {65--76}
}

@inproceedings{ryu_automatic_2008,
	title = {An automatic identification of a damaged malicious file using {HMM} against anti-forensics},
	volume = {1},
	url = {https://www.scopus.com/inward/record.uri?eid=2-s2.0-57849167545&doi=10.1109%2fNCM.2008.225&partnerID=40&md5=f86619edda468bf8b0c05c9e075846de},
	doi = {10.1109/NCM.2008.225},
	booktitle = {Proceedings - 4th {International} {Conference} on {Networked} {Computing} and {Advanced} {Information} {Management}, {NCM} 2008},
	author = {Ryu, D. and Kim, M. and Kim, Y.-M.},
	year = {2008},
	keywords = {anti-forensics, Anti-Forensics, Assembly, automatic file identification, Computers, damaged malicious file, Damaged Malicious File, Data models, Estimation, File Recovery, Forensics, forensics investigation, hidden Markov model, hidden Markov models, Hidden Markov models, HMM, Identification File Type, Internet, Linux, Malignancy, personal information, security of data},
	pages = {177--184}
}

@article{raghavan_digital_2013,
	title = {Digital forensic research: current state of the art},
	volume = {1},
	number = {1},
	journal = {CSI Transactions on ICT},
	author = {Raghavan, Sriram},
	year = {2013},
	pages = {91--114}
}

@inproceedings{beebe_digital_2009,
	title = {Digital forensic research: {The} good, the bad and the unaddressed},
	booktitle = {{IFIP} {International} {Conference} on {Digital} {Forensics}},
	publisher = {Springer},
	author = {Beebe, Nicole},
	year = {2009},
	pages = {17--36}
}


@misc{hiester_file_2018,
	title = {File Fragment Classification Using Neural Networks with Lossless Representations},
	author = {Hiester, Luke},
	date = {2018},
	year = {2018},
	keywords = {{NN}},
	file = {Hiester - 2018 - File Fragment Classification Using Neural Networks.pdf:/home/user/MEGA/mestrado/zotero/storage/5XKXCUZK/Hiester - 2018 - File Fragment Classification Using Neural Networks.pdf:application/pdf}
}

@article{fitzgerald_using_2012,
	title = {Using {NLP} techniques for file fragment classification},
	volume = {9},
	journal = {Digital Investigation},
	author = {Fitzgerald, Simran and Mathews, George and Morris, Colin and Zhulyn, Oles},
	year = {2012},
	keywords = {bag of words, entropy, SVM},
	pages = {S44--S49}
}

@inproceedings{gopal_statistical_2011,
	title = {Statistical learning for file-type identification},
	volume = {1},
	booktitle = {Machine {Learning} and {Applications} and {Workshops} ({ICMLA}), 2011 10th {International} {Conference} on},
	publisher = {IEEE},
	author = {Gopal, Siddharth and Yang, Yiming and Salomatin, Konstantin and Carbonell, Jaime},
	year = {2011},
	keywords = {kNN, SVM},
	pages = {68--73}
}

@article{penrose_approaches_2013,
	title = {Approaches to the classification of high entropy file fragments},
	volume = {10},
	number = {4},
	journal = {Digital Investigation},
	author = {Penrose, Philip and Macfarlane, Richard and Buchanan, William J},
	year = {2013},
	keywords = {compressibility, NIST statistical test, NN},
	pages = {372--384}
}

@inproceedings{xu_reassembling_2009,
	title = {Reassembling the fragmented {JPEG} images based on sequential pixel prediction},
	booktitle = {Computer {Network} and {Multimedia} {Technology}, 2009. {CNMT} 2009. {International} {Symposium} on},
	publisher = {IEEE},
	author = {Xu, Ming and Dong, Shule},
	year = {2009},
	keywords = {NN},
	pages = {1--6}
}

@inproceedings{amirani_new_2008,
	title = {A new approach to content-based file type detection},
	booktitle = {2008 {IEEE} {Symposium} on {Computers} and {Communications}},
	publisher = {IEEE},
	author = {Amirani, Mehdi Chehel and Toorani, Mohsen and Beheshti, Asghar},
	year = {2008},
	keywords = {NN, PCA},
	pages = {1103--1108},
	file = {Full Text:/home/user/MEGA/mestrado/zotero/storage/49MG4ZFX/Amirani et al. - 2008 - A new approach to content-based file type detectio.pdf:application/pdf;Snapshot:/home/user/MEGA/mestrado/zotero/storage/PSX6Y38H/4625611.html:text/html}
}

@article{amirani_feature-based_2013,
	title = {Feature-based {Type} {Identification} of {File} {Fragments}},
	volume = {6},
	number = {1},
	journal = {Security and Communication Networks},
	author = {Amirani, Mehdi Chehel and Toorani, Mohsen and Mihandoost, Sara},
	year = {2013},
	keywords = {NN, PCA, SVM},
	pages = {115--128},
	file = {Full Text:/home/user/MEGA/mestrado/zotero/storage/DX3G6P9B/Amirani et al. - 2013 - Feature-based Type Identification of File Fragment.pdf:application/pdf;Full Text:/home/user/MEGA/mestrado/zotero/storage/TX6VLNVH/Amirani et al. - 2013 - Feature-based Type Identification of File Fragment.pdf:application/pdf;Snapshot:/home/user/MEGA/mestrado/zotero/storage/FT5EQJUC/sec.html:text/html;Snapshot:/home/user/MEGA/mestrado/zotero/storage/KFAVJ3SY/sec.html:text/html}
}

@techreport{axelsson_intrusion_2000,
	title = {Intrusion detection systems: {A} survey and taxonomy},
	shorttitle = {Intrusion detection systems},
	institution = {Technical report},
	author = {Axelsson, Stefan},
	year = {2000},
	file = {Full Text:/home/user/MEGA/mestrado/zotero/storage/BZLPHUWM/Axelsson - 2000 - Intrusion detection systems A survey and taxonomy.pdf:application/pdf}
}

@article{balakrishnama_linear_1998,
	title = {Linear discriminant analysis-a brief tutorial},
	volume = {18},
	journal = {Institute for Signal and information Processing},
	author = {Balakrishnama, Suresh and Ganapathiraju, Aravind},
	year = {1998},
	keywords = {LDA},
	pages = {1--8},
	file = {Full Text:/home/user/MEGA/mestrado/zotero/storage/A2WHGBY3/Balakrishnama and Ganapathiraju - 1998 - Linear discriminant analysis-a brief tutorial.pdf:application/pdf}
}

@article{calhoun_predicting_2008,
	title = {Predicting the types of file fragments},
	volume = {5},
	journal = {digital investigation},
	author = {Calhoun, William C. and Coles, Drue},
	year = {2008},
	keywords = {LDA, LCS, genetic algorithms},
	pages = {S14--S20},
	file = {Full Text:/home/user/MEGA/mestrado/zotero/storage/HH8YQMK4/Calhoun and Coles - 2008 - Predicting the types of file fragments.pdf:application/pdf;Snapshot:/home/user/MEGA/mestrado/zotero/storage/IYHAKHSX/S1742287608000273.html:text/html}
}

@inproceedings{cohen_advanced_2008,
	title = {Advanced jpeg carving},
	booktitle = {Proceedings of the 1st international conference on {Forensic} applications and techniques in telecommunications, information, and multimedia and workshop},
	publisher = {ICST (Institute for Computer Sciences, Social-Informatics and …},
	author = {Cohen, Michael I.},
	year = {2008},
	keywords = {JPEG carving},
	pages = {16},
	file = {Snapshot:/home/user/MEGA/mestrado/zotero/storage/CU7X8IAC/citation.html:text/html}
}

@inproceedings{erbacher_identification_2007,
	title = {Identification and localization of data types within large-scale file systems},
	booktitle = {Systematic {Approaches} to {Digital} {Forensic} {Engineering}, 2007. {SADFE} 2007. {Second} {International} {Workshop} on},
	publisher = {IEEE},
	author = {Erbacher, Robert F. and Mulholland, John},
	year = {2007},
	keywords = {statistical analysis},
	pages = {55--70},
	file = {Full Text:/home/user/MEGA/mestrado/zotero/storage/9ZMLZU5Q/Erbacher and Mulholland - 2007 - Identification and localization of data types with.pdf:application/pdf;Snapshot:/home/user/MEGA/mestrado/zotero/storage/HT7GILXX/4155350.html:text/html}
}

@article{ahmed_fast_2011,
	title = {Fast content-based file type identification},
	volume = {361},
	journal = {Advances in Digital Forensics},
	author = {Ahmed, I. and Lhee, K.-S. and Shin, H.-J. and Hong, M.-P.},
	year = {2011},
	keywords = {kNN, LDA, NN, SVM},
	pages = {65--75}
}

@article{ahmed_content-based_2010,
	title = {Content-based file-type identification using cosine similarity and a divide-and-conquer approach},
	volume = {27},
	doi = {10.4103/0256-4602.67149},
	number = {6},
	journal = {IETE Technical Review (Institution of Electronics and Telecommunication Engineers, India)},
	author = {Ahmed, I. and Lhee, K. and Shin, H. and Hong, M.},
	year = {2010},
	keywords = {cosine similarity, NN},
	pages = {465--477}
}

@article{ahmed_improving_2009,
	title = {On improving the accuracy and performance of content-based file type identification},
	volume = {5594 LNCS},
	doi = {10.1007/978-3-642-02620-1_4},
	journal = {Lecture Notes in Computer Science (including subseries Lecture Notes in Artificial Intelligence and Lecture Notes in Bioinformatics)},
	author = {Ahmed, I. and Lhee, K.-S. and Shin, H. and Hong, M.},
	year = {2009},
	keywords = {LDA, cosine similarity},
	pages = {44--59},
	file = {Full Text:/home/user/MEGA/mestrado/zotero/storage/AGHQUIF2/Ahmed et al. - 2009 - On improving the accuracy and performance of conte.pdf:application/pdf;Snapshot:/home/user/MEGA/mestrado/zotero/storage/6D8CXJNL/978-3-642-02620-1_4.html:text/html}
}

@inproceedings{garfinkel_carving_2007,
	title = {Carving contiguous and fragmented files with fast object validation},
	doi = {10.1016/j.diin.2007.06.017},
	booktitle = {{DFRWS} 2007 {Annual} {Conference}},
	author = {Garfinkel, S.L.},
	year = {2007},
	keywords = {header/footer},
	pages = {S2--S12}
}

@article{hall_sliding_2006,
	title = {Sliding window measurement for file type identification},
	journal = {Sliding Window Measurement for File Type Identification},
	author = {Hall, G.A. and Davis, W.P.},
	year = {2006},
	keywords = {entropy, compressibility}
}

@article{hand_bin-carver:_2012,
	title = {Bin-{Carver}: {Automatic} recovery of binary executable files},
	volume = {9},
	doi = {10.1016/j.diin.2012.05.014},
	number = {SUPPL.},
	journal = {Digital Investigation},
	author = {Hand, S. and Lin, Z. and Gu, G. and Thuraisingham, B.},
	year = {2012},
	keywords = {bin-carving},
	pages = {S108--S117}
}

@inproceedings{karresand_file_2006,
	title = {File type identification of data fragments by their binary structure},
	volume = {2006},
	booktitle = {Proceedings of the 2006 {IEEE} {Workshop} on {Information} {Assurance}},
	author = {Karresand, M. and Shahmehri, N.},
	year = {2006},
	keywords = {Oscar},
	pages = {140--147}
}

@article{karresand_oscar_2006,
	title = {Oscar - {File} type identification of binary data in disk clusters and {RAM} pages},
	volume = {201},
	doi = {10.1007/0-387-33406-8_35},
	journal = {IFIP International Federation for Information Processing},
	author = {Karresand, M. and Shahmehri, N.},
	year = {2006},
	keywords = {Oscar},
	pages = {413--424}
}

@article{landwehr_taxonomy_1994,
	title = {A taxonomy of {Computer} {Program} {Security} {Flaws}},
	volume = {26},
	doi = {10.1145/185403.185412},
	number = {3},
	journal = {ACM Computing Surveys (CSUR)},
	author = {Landwehr, C.E. and Bull, A.R. and McDermott, J.P. and Choi, W.S.},
	year = {1994},
	pages = {211--254}
}

@inproceedings{li_fileprints:_2005,
	title = {Fileprints: {Identifying} file types by n-gram analysis},
	volume = {2005},
	doi = {10.1109/IAW.2005.1495935},
	booktitle = {Proceedings from the 6th {Annual} {IEEE} {System}, {Man} and {Cybernetics} {Information} {Assurance} {Workshop}, {SMC} 2005},
	author = {Li, W.-J. and Wang, K. and Stolfo, S.J. and Herzog, B.},
	year = {2005},
	keywords = {n-gram, centroids, exemplar files},
	pages = {64--71}
}

@inproceedings{mcdaniel_content_2003,
	title = {Content based file type detection algorithms},
	doi = {10.1109/HICSS.2003.1174905},
	booktitle = {Proceedings of the 36th {Annual} {Hawaii} {International} {Conference} on {System} {Sciences}, {HICSS} 2003},
	author = {McDaniel, M. and Heydari, M.H.},
	year = {2003},
	keywords = {BFD, header/footer, BFA}
}

@inproceedings{moody_sadi_2008,
	title = {S{ÁDI} - {Statistical} analysis for data type identification},
	doi = {10.1109/SADFE.2008.13},
	booktitle = {Proceedings - {SADFE} 2008 3rd {International} {Workshop} on {Systematic} {Approaches} to {Digital} {Forensic} {Engineering}},
	author = {Moody, S.J. and Erbacher, R.F.},
	year = {2008},
	keywords = {statistical analysis},
	pages = {41--54}
}

@article{pal_evolution_2009,
	title = {The evolution of file carving},
	volume = {26},
	doi = {10.1109/MSP.2008.931081},
	number = {2},
	journal = {IEEE Signal Processing Magazine},
	author = {Pal, A. and Memon, N.},
	year = {2009},
	keywords = {file structure based carving},
	pages = {59--71}
}

@article{povar_forensic_2011,
	title = {Forensic data carving},
	volume = {53},
	doi = {10.1007/978-3-642-19513-6_12},
	journal = {Lecture Notes of the Institute for Computer Sciences, Social-Informatics and Telecommunications Engineering, LNICST},
	author = {Povar, D. and Bhadran, V.K.},
	year = {2011},
	keywords = {header/footer},
	pages = {137--148}
}

@inproceedings{richard_iii_scalpel:_2005,
	title = {Scalpel: {A} frugal, high performance file carver},
	booktitle = {Digital {Forensic} {Research} {Workshop} 2005},
	author = {Richard III, G.G. and Roussev, V.},
	year = {2005},
	keywords = {scalpel}
}

@article{richard_place_2007,
	title = {Place file carving},
	volume = {3},
	journal = {Advances in Digital Forensics},
	author = {Richard, G., III and Roussev, V. and Marziale, L.},
	year = {2007},
	keywords = {scalpel},
	pages = {217--230}
}

@inproceedings{veenman_statistical_2007,
	title = {Statistical disk cluster classification for file carving},
	doi = {10.1109/IAS.2007.75},
	booktitle = {Proceedings - {IAS} 2007 3rd {Internationl} {Symposium} on {Information} {Assurance} and {Security}},
	author = {Veenman, C.J.},
	year = {2007},
	keywords = {2-class multi-class},
	pages = {393--398}
}

@inproceedings{altschaffel_computer_2009,
	title = {From the computer incident taxonomy to a computer forensic examination taxonomy},
	booktitle = {{IT} {Security} {Incident} {Management} and {IT} {Forensics}, 2009. {IMF}'09. {Fifth} {International} {Conference} on},
	publisher = {IEEE},
	author = {Altschaffel, Robert and Kiltz, Stefan and Dittmann, Jana},
	year = {2009},
	pages = {54--68},
	file = {Snapshot:/home/user/MEGA/mestrado/zotero/storage/6M635TF7/5277851.html:text/html;Snapshot:/home/user/MEGA/mestrado/zotero/storage/LYAM5CD2/5277851.html:text/html}
}

@inproceedings{sportiello_context-based_2012,
	title = {Context-based file block classification},
	booktitle = {{IFIP} {International} {Conference} on {Digital} {Forensics}},
	publisher = {Springer},
	author = {Sportiello, Luigi and Zanero, Stefano},
	year = {2012},
	keywords = {file block classification, Oscar, SVM},
	pages = {67--82},
	file = {Full Text:/home/user/MEGA/mestrado/zotero/storage/X6WKIYC3/Sportiello and Zanero - 2012 - Context-based file block classification.pdf:application/pdf}
}

@book{cai_experimental_2018,
	title = {From experimental work to real crime scenes and the courts},
	author = {Cai, J. and Dawson, L. and Javan, G.T. and Özsoy, S. and Quaak, F.C.A. and Ralebitso-Senior, T.K.},
	year = {2018},
	doi = {10.1016/B978-0-12-809360-3.00008-4}
}

@article{alherbawi_systematic_2013,
	title = {Systematic {Literature} {Review} on {Data} {Carving} in {Digital} {Forensics}},
	volume = {11},
	journal = {Procedia Technology},
	author = {Alherbawi, N. and Shukhur, Z. and Sulaiman, R.},
	year = {2013},
	pages = {86--92}
}

@article{pahade_survey_2015,
	title = {A {Survey} on {Multimedia} {File} {Carving}},
	volume = {6},
	number = {6},
	journal = {International Journal of Computer Science \& Engineering Survey},
	author = {Pahade, R.K. and Singh, B. and Singh, U.},
	year = {2015}
}

@article{zhang_efficient_2016,
	title = {Efficient {ID}-based public auditing for the outsourced data in cloud storage},
	volume = {343-344},
	doi = {10.1016/j.ins.2015.12.043},
	journal = {Information Sciences},
	author = {Zhang, J. and Dong, Q.},
	year = {2016},
	pages = {1--14}
}

@article{ganesh_artificial_2017,
	title = {Artificial {Intelligence} {Applied} to {Computer} {Forensics}},
	volume = {5},
	number = {5},
	journal = {International Journal},
	author = {Ganesh, V.},
	year = {2017}
}

@inproceedings{sorokin_identification_2016,
	title = {Identification of {JPEG} files fragments on digital media using binary patterns based on {Huffman} code table},
	doi = {10.1109/DIPDMWC.2016.7529378},
	booktitle = {2016 3rd {International} {Conference} on {Digital} {Information} {Processing}, {Data} {Mining}, and {Wireless} {Communications}, {DIPDMWC} 2016},
	author = {Sorokin, A. and Makushenko, E.},
	year = {2016},
	pages = {137--141}
}

@article{singh_review_2016,
	title = {A review on digital image forensics},
	journal = {International Conference on Signal Processing},
	author = {Singh, A. and Jindal, N. and Singh, K.},
	year = {2016},
	pages = {12--16}
}

@article{kendall_notitle_2010,
	journal = {Foremost-Latest Version 1.5.7},
	author = {Kendall, K. and Kornblum, J. and Mikus, N.},
	year = {2010}
}

@article{metz_analysis_0,
	title = {Analysis of 2006 {DFRWS} {Forensic} {Carving}},
	journal = {DFRWS (2006) Challenge},
	author = {Metz, J. and Mora, R.J.},
	year = {0}
}

@article{cohen_advanced_2007,
	title = {Advanced carving techniques},
	volume = {4},
	doi = {10.1016/j.diin.2007.10.001},
	number = {3-4},
	journal = {Digital Investigation},
	author = {Cohen, M.I.},
	year = {2007},
	pages = {119--128}
}

@article{poisel_multimedia_2012,
	title = {Multimedia file carving},
	journal = {Multimedia File Carving},
	author = {Poisel, R.},
	year = {2012}
}

@article{malik_mohamad_mykarve:_2010,
	title = {{MyKarve}: {JPEG} image and thumbnail carver},
	volume = {3},
	doi = {10.1080/15567281.2010.531607},
	number = {2-4},
	journal = {Journal of Digital Forensic Practice},
	author = {Malik mohamad, k. and Patel, A. and Herawan, T. and Deris, M.M.},
	year = {2010},
	pages = {74--97}
}

@article{memon_automated_2006,
	title = {Automated reassembly of file fragmented images using greedy algorithms},
	volume = {15},
	doi = {10.1109/TIP.2005.863054},
	number = {2},
	journal = {IEEE Transactions on Image Processing},
	author = {Memon, N. and Pal, A.},
	year = {2006},
	pages = {385--393}
}

@article{pal_detecting_2008,
	title = {Detecting file fragmentation point using sequential hypothesis testing},
	volume = {5},
	doi = {10.1016/j.diin.2008.05.015},
	number = {SUPPL.},
	journal = {Digital Investigation},
	author = {Pal, A. and Sencar, H.T. and Memon, N.},
	year = {2008},
	pages = {S2--S13}
}

@article{de_bock_jpgcarve:_2016,
	title = {{JPGcarve}: {An} {Advanced} {Tool} for {Automated} {Recovery} of {Fragmented} {JPEG} {Files}},
	volume = {11},
	doi = {10.1109/TIFS.2015.2475238},
	number = {1},
	journal = {IEEE Transactions on Information Forensics and Security},
	author = {De Bock, J. and De Smet, P.},
	year = {2016},
	pages = {19--34}
}

@inproceedings{poisel_comprehensive_2013,
	title = {A comprehensive literature review of file carving},
	doi = {10.1109/ARES.2013.62},
	booktitle = {Proceedings - 2013 {International} {Conference} on {Availability}, {Reliability} and {Security}, {ARES} 2013},
	author = {Poisel, R. and Tjoa, S.},
	year = {2013},
	pages = {475--484}
}

@inproceedings{khaleefah_fingerprinting_2015,
	title = {Fingerprinting of deformed paper images acquired by scanners},
	doi = {10.1109/SCORED.2015.7449363},
	booktitle = {2015 {IEEE} {Student} {Conference} on {Research} and {Development}, {SCOReD} 2015},
	author = {Khaleefah, S.H. and Nasrudin, M.F. and Mostafa, S.A.},
	year = {2015},
	pages = {393--397}
}

@article{garfinkel_digital_2010,
	title = {Digital forensics research: {The} next 10 years},
	volume = {7},
	doi = {10.1016/j.diin.2010.05.009},
	number = {SUPPL.},
	journal = {Digital Investigation},
	author = {Garfinkel, S.L.},
	year = {2010},
	pages = {S64--S73}
}

@inproceedings{durmus_image_2018,
	title = {Image carving with missing headers and missing fragments},
	volume = {2018-January},
	doi = {10.1109/WIFS.2017.8267665},
	booktitle = {2017 {IEEE} {Workshop} on {Information} {Forensics} and {Security}, {WIFS} 2017},
	author = {Durmus, E. and Mohanty, M. and Taspinar, S. and Uzun, E. and Memon, N.},
	year = {2018},
	pages = {1--6}
}

@article{bodziak_forensic_2017,
	title = {Forensic {Footwear} {Evidence}},
	journal = {Forensic Footwear Evidence},
	author = {Bodziak, W.J.},
	year = {2017}
}

@article{tang_recovery_2016,
	title = {Recovery of heavily fragmented {JPEG} files},
	volume = {18},
	doi = {10.1016/j.diin.2016.04.016},
	journal = {Digital Investigation},
	author = {Tang, Y. and Fang, J. and Chow, K.P. and Yiu, S.M. and Xu, J. and Feng, B. and Li, Q. and Han, Q.},
	year = {2016},
	pages = {S108--S117}
}

@article{richard_iii_-place_2007,
	title = {In-place file carving},
	volume = {242},
	doi = {10.1007/978-0-387-73742-3_15},
	journal = {IFIP International Federation for Information Processing},
	author = {Richard III, G. and Roussev, V. and Marziale, L.},
	year = {2007},
	pages = {217--230}
}

@article{abdullah_cluster_2012,
	title = {Cluster size determination using {JPEG} files},
	volume = {7336 LNCS},
	doi = {10.1007/978-3-642-31128-4_26},
	number = {PART 4},
	journal = {Lecture Notes in Computer Science (including subseries Lecture Notes in Artificial Intelligence and Lecture Notes in Bioinformatics)},
	author = {Abdullah, N.A. and Ibrahim, R. and Mohamad, K.M.},
	year = {2012},
	pages = {353--363}
}

@article{lewis_notitle_2012,
	journal = {Reconstructing Compressed Photo and Video Data},
	author = {Lewis, A.B.},
	year = {2012}
}

@article{abdullah_x-mykarve:_2016,
	title = {X-{myKarve}: {Non}-contiguous {JPEG} file carver},
	volume = {8},
	doi = {10.4018/IJDCF.2016070105},
	number = {3},
	journal = {International Journal of Digital Crime and Forensics},
	author = {Abdullah, N.A.},
	year = {2016},
	pages = {63--84}
}

@inproceedings{birmingham_using_2017,
	title = {Using thumbnail affinity for fragmentation point detection of {JPEG} files},
	doi = {10.1109/EUROCON.2017.8011068},
	booktitle = {17th {IEEE} {International} {Conference} on {Smart} {Technologies}, {EUROCON} 2017 - {Conference} {Proceedings}},
	author = {Birmingham, B. and Farrugia, R.A. and Vella, M.},
	year = {2017},
	pages = {3--8}
}

@article{garfinkel_notitle_2012,
	journal = {File Carving},
	author = {Garfinkel, S.L.},
	year = {2012}
}

@article{noauthor_international_1992,
	title = {The {International} {Telegraph} \& {Telephone} {Consultative} {Committee} ({CCITT})},
	journal = {Information Technology Digital Compression and Coding of Continuous Tone Still Image Requirements and Guideline. T.81.},
	year = {1992}
}

@article{huang_notitle_0,
	journal = {The JPEG Standard},
	author = {Huang, J.-D.},
	year = {0}
}

@article{nguyen_computer_2002,
	title = {Computer {Faults} in {JPEG} {Compression} and {Decompression} {Systems}},
	journal = {Electrical and Computer Engineering University of California},
	author = {Nguyen, C.},
	year = {2002}
}

@article{shannon_mathematical_1948,
	title = {A {Mathematical} {Theory} of {Communication}},
	volume = {27},
	doi = {10.1002/j.1538-7305.1948.tb01338.x},
	number = {3},
	journal = {Bell System Technical Journal},
	author = {Shannon, C.E.},
	year = {1948},
	pages = {379--423}
}

@article{mohamad_visualization_0,
	title = {Visualization of {JPEG} metadata},
	journal = {International Visual Informatics Conference},
	author = {Mohamad, K.M. and Deris, M.M.},
	year = {0},
	pages = {2009}
}

@inproceedings{guo_method_2011,
	title = {A method for recovering {JPEG} files based on thumbnail},
	doi = {10.1109/ICCASE.2011.5997731},
	booktitle = {2011 {International} {Conference} on {Control}, {Automation} and {Systems} {Engineering}, {CASE} 2011},
	author = {Guo, H. and Xu, M.},
	year = {2011}
}

@article{xu_novel_2018,
	title = {A novel file carving algorithm for {EVTX} logs},
	volume = {216},
	doi = {10.1007/978-3-319-73697-6_7},
	journal = {Lecture Notes of the Institute for Computer Sciences, Social-Informatics and Telecommunications Engineering, LNICST},
	author = {Xu, M. and Sun, J. and Zheng, N. and Qiao, T. and Wu, Y. and Shi, K. and Ge, H. and Yang, T.},
	year = {2018},
	pages = {97--105}
}

@article{shi_novel_2017,
	title = {A novel file carving algorithm for {National} {Marine} {Electronics} {Association} ({NMEA}) logs in {GPS} forensics},
	volume = {23},
	doi = {10.1016/j.diin.2017.08.004},
	journal = {Digital Investigation},
	author = {Shi, K. and Xu, M. and Jin, H. and Qiao, T. and Yang, X. and Zheng, N. and Xu, J. and Raymond Choo, K.-K.},
	year = {2017},
	pages = {11--21}
}

@article{uzun_carving_2015,
	title = {Carving orphaned jpeg file fragments},
	volume = {10},
	doi = {10.1109/TIFS.2015.2416685},
	number = {8},
	journal = {IEEE Transactions on Information Forensics and Security},
	author = {Uzun, E. and Sencar, H.T.},
	year = {2015},
	pages = {1549--1563}
}

@article{kloet_notitle_2007,
	journal = {Measuring and Improving the Quality of File Carving Methods},
	author = {Kloet, S.J.J.},
	year = {2007}
}

@article{noauthor_digital_2006,
	title = {Digital {Forensics} {Research} {Conf}. ({DFRWS})},
	journal = {DFRWS 2006 Forensics Challenge},
	year = {2006}
}

@article{abdullah_improved_2014,
	title = {An improved file carver of intertwined jpeg images using {X}\_myKarve”, {Doctoral} dissertation},
	journal = {Universiti Tun Hussein Onn Malaysia},
	author = {Abdullah, N.A.},
	year = {2014}
}

@article{sencar_identification_2009,
	title = {Identification and recovery of {JPEG} files with missing fragments},
	volume = {6},
	doi = {10.1016/j.diin.2009.06.007},
	number = {SUPPL.},
	journal = {Digital Investigation},
	author = {Sencar, H.T. and Memon, N.},
	year = {2009},
	pages = {S88--S98}
}

@inproceedings{qiu_new_2014,
	title = {A new approach to multimedia files carving},
	doi = {10.1109/BIBE.2014.31},
	booktitle = {Proceedings - {IEEE} 14th {International} {Conference} on {Bioinformatics} and {Bioengineering}, {BIBE} 2014},
	author = {Qiu, W. and Zhu, R. and Guo, J. and Tang, X. and Liu, B. and Huang, Z.},
	year = {2014},
	keywords = {SVM},
	pages = {105--110}
}

@article{tsamoura_automatic_2010,
	title = {Automatic color based reassembly of fragmented images and paintings},
	volume = {19},
	doi = {10.1109/TIP.2009.2035840},
	number = {3},
	journal = {IEEE Transactions on Image Processing},
	author = {Tsamoura, E. and Pitas, I.},
	year = {2010},
	keywords = {kohonen neural networks},
	pages = {680--690}
}

@inproceedings{stamm_anti-forensics_2010,
	title = {Anti-forensics of {JPEG} compression},
	doi = {10.1109/ICASSP.2010.5495491},
	booktitle = {{ICASSP}, {IEEE} {International} {Conference} on {Acoustics}, {Speech} and {Signal} {Processing} - {Proceedings}},
	author = {Stamm, M.C. and Tjoa, S.K. and Lin, W.S. and Liu, K.J.R.},
	year = {2010},
	pages = {1694--1697}
}

@inproceedings{li_novel_2010,
	title = {A novel support vector machine approach to high entropy data fragment classification},
	booktitle = {Proceedings of the {South} {African} {Information} {Security} {Multi}-{Conference}, {SAISMC} 2010},
	author = {Li, Q. and Ong, A. and Suganthan, P. and Thing, V.},
	year = {2010},
	pages = {236--247}
}

@article{zhang_svm_2016,
	title = {{SVM} and elm: {Who} wins object recognition with deep convolutional features from imagenet},
	volume = {1},
	journal = {Proceedings of ELM-2015},
	author = {Zhang, L. and Zhang, D. and Tian, F.},
	year = {2016},
	keywords = {ELM},
	pages = {249--263}
}

@article{mehra_survey_2013,
	title = {Survey on multiclass classification methods},
	volume = {4},
	number = {4},
	journal = {Int. J. Comput. Sci. Inf. Technol.},
	author = {Mehra, N. and Gupta, S.},
	year = {2013},
	pages = {572--576}
}

@inproceedings{pal_automated_2003,
	title = {Automated reassembly of fragmented images},
	volume = {4},
	booktitle = {{ICASSP}, {IEEE} {International} {Conference} on {Acoustics}, {Speech} and {Signal} {Processing} - {Proceedings}},
	author = {Pal, A. and Shanmugasundaram, K. and Memon, N.},
	year = {2003},
	pages = {732--735}
}

@article{mohammed_solving_2017,
	title = {Solving vehicle routing problem by using improved {K}-nearest neighbor algorithm for best solution},
	volume = {21},
	doi = {10.1016/j.jocs.2017.04.012},
	journal = {Journal of Computational Science},
	author = {Mohammed, M.A. and Ghani, M.K.A. and Hamed, R.I. and Mostafa, S.A. and Ibrahim, D.A. and Jameel, H.K. and Alallah, A.H.},
	year = {2017},
	pages = {232--240}
}

@article{mohammed_neural_2018,
	title = {Neural network and multi-fractal dimension features for breast cancer classification from ultrasound images},
	volume = {70},
	doi = {10.1016/j.compeleceng.2018.01.033},
	journal = {Computers and Electrical Engineering},
	author = {Mohammed, M.A. and Al-Khateeb, B. and Rashid, A.N. and Ibrahim, D.A. and Abd Ghani, M.K. and Mostafa, S.A.},
	year = {2018},
	pages = {871--882}
}

@article{mostafa_fuzzy_2018,
	title = {A fuzzy logic control in adjustable autonomy of a multi-agent system for an automated elderly movement monitoring application},
	volume = {112},
	doi = {10.1016/j.ijmedinf.2018.02.001},
	journal = {International Journal of Medical Informatics},
	author = {Mostafa, S.A. and Mustapha, A. and Mohammed, M.A. and Ahmad, M.S. and Mahmoud, M.A.},
	year = {2018},
	pages = {173--184}
}

@article{mostafa_evaluating_2018,
	title = {Evaluating the performance of three classification methods in diagnosis of parkinson’s disease},
	volume = {700},
	doi = {10.1007/978-3-319-72550-5_5},
	journal = {Advances in Intelligent Systems and Computing},
	author = {Mostafa, S.A. and Mustapha, A. and Khaleefah, S.H. and Ahmad, M.S. and Mohammed, M.A.},
	year = {2018},
	pages = {43--52}
}

@inproceedings{aronson_towards_2011,
	title = {Towards an engineering approach to file carver construction},
	doi = {10.1109/COMPSACW.2011.68},
	booktitle = {Proceedings - {International} {Computer} {Software} and {Applications} {Conference}},
	author = {Aronson, L. and Van Den Bos, J.},
	year = {2011},
	pages = {368--373}
}

@inproceedings{sportiello_file_2011,
	title = {File block classification by {Support} {Vector} {Machines}},
	doi = {10.1109/ARES.2011.52},
	booktitle = {Proceedings of the 2011 6th {International} {Conference} on {Availability}, {Reliability} and {Security}, {ARES} 2011},
	author = {Sportiello, L. and Zanero, S.},
	year = {2011},
	keywords = {SVM},
	pages = {307--312}
}

@inproceedings{axelsson_normalised_2010,
	title = {The {Normalised} {Compression} {Distance} as a file fragment classifier},
	volume = {7},
	booktitle = {{DFRWS} 2010 {Annual} {Conference}},
	author = {Axelsson, S.},
	year = {2010},
	keywords = {kNN},
	pages = {S24--S31}
}

@article{karabiyik_building_2018,
	title = {Building an intelligent assistant for digital forensics},
	journal = {Doctoral Dissertation},
	author = {Karabiyik, U.},
	year = {2018}
}

@article{ali_classification_2018,
	title = {Classification of {JPEG} {Files} by {Using} {Extreme} {Learning} {Machine}},
	volume = {33-42},
	journal = {Recent Advances on Soft Computing and Data Mining, Springer, Cham, Pp},
	author = {Ali, R.R. and Mohamad, K.M. and Jamel, S. and Khalid, S.K.A.},
	year = {2018},
	keywords = {ELM},
	pages = {2018}
}

@article{roux_reconstructing_2008,
	title = {Reconstructing {Textual} {File} {Fragments} {Using} {Unsupervised} {Machine} {Learning} {Techniques}},
	author = {Roux, Brian},
	year = {2008},
	keywords = {SVM, genetic algorithms},
	file = {Full Text:/home/user/MEGA/mestrado/zotero/storage/65CXSYGL/Roux - 2008 - Reconstructing Textual File Fragments Using Unsupe.pdf:application/pdf}
}

@patent{rao_system_2015,
	title = {System and method for automatically extracting multi-format data from documents and converting into {XML}},
	author = {Rao, Geelapaturu Subrahmanya Venkata Radha Krishna and Jinka, Parthasarathi and Srinivasan, Venkatesh and Selvaraj, Ramesh and Ramaswamy, Suresh Kumar and Maroo, Dinesh},
	month = oct,
	year = {2015},
	file = {Full Text:/home/user/MEGA/mestrado/zotero/storage/Q866ZUMQ/Rao et al. - 2015 - System and method for automatically extracting mul.pdf:application/pdf}
}

@article{quick_data_2014,
	title = {Data reduction and data mining framework for digital forensic evidence: storage, intelligence, review and archive},
	shorttitle = {Data reduction and data mining framework for digital forensic evidence},
	author = {Quick, Darren and Choo, Kim-Kwang Raymond},
	year = {2014},
	file = {Full Text:/home/user/MEGA/mestrado/zotero/storage/RG7GN97U/Quick and Choo - 2014 - Data reduction and data mining framework for digit.pdf:application/pdf}
}

@book{nadeem_ashraf_forensic_2013,
	title = {Forensic {Multimedia} {File} {Carving}},
	author = {Nadeem Ashraf, Muhammad},
	year = {2013},
	file = {Full Text:/home/user/MEGA/mestrado/zotero/storage/YVVDVAUX/Nadeem Ashraf - 2013 - Forensic Multimedia File Carving.pdf:application/pdf}
}

@book{carrier_file_2005,
	title = {File system forensic analysis},
	publisher = {Addison-Wesley Professional},
	author = {Carrier, Brian},
	year = {2005},
	file = {Full Text:/home/user/MEGA/mestrado/zotero/storage/F8VZ44LE/Carrier - 2005 - File system forensic analysis.pdf:application/pdf}
}

@article{dewald_incident_2018,
	title = {Incident analysis and forensics in docker environments},
	author = {Dewald, Andreas and Luft, Matthias and Suleder, Julian},
	year = {2018},
	file = {Full Text:/home/user/MEGA/mestrado/zotero/storage/Q736MDBQ/Dewald et al. - 2018 - INCIDENT ANALYSIS AND FORENSICS IN DOCKER ENVIRONM.pdf:application/pdf}
}

@misc{wikipedia_editors_pattern_2018,
	title = {Pattern {Recognition}},
	url = {https://en.wikipedia.org/wiki/Pattern_recognition},
	author = {wikipedia editors},
	month = jul,
	year = {2018}
}